@inproceedings{ogawa2007ageing,
  title={Ageing in Japan: the health and wealth of older persons},
  author={Ogawa, Naohiro and Matsukura, Rikiya},
  booktitle={United Nations expert group meeting on social and economic implications of changing population age structures},
  volume={31},
  pages={199--220},
  year={2007}
}

@article{d2020japan,
  title={Japan's ageing society},
  author={D'AMBROGIO, Enrico},
  year={2020},
  publisher={EPRS: European Parliamentary Research Service}
}

@book{horlacher2002aging,
  title={Aging in Japan, Causes and Consequences: Part II, Economic Issues},
  author={Horlacher, David},
  year={2002},
  publisher={International Institute for Applied Systems Analysis}
}

@article{horlacher2002aging,
  title={Aging in Japan: Causes and Consequences-Part III: The Elderly},
  author={Horlacher, D},
  year={2002},
  publisher={IR-02-002}
}

@article{horlacher2001aging,
  title={Aging in Japan: Causes and Consequences. Part I: Demographic Issues [Revised and updated August 2002]},
  author={Horlacher, D},
  year={2001},
  publisher={IR-01-008}
}
